@ARTICLE{Bacchini2018,
	author = {{Bacchini}, F. and {Ripperda}, B. and {Yuran Chen}, A. and {Sironi}, L.
	},
	title = "{Generalized, energy-conserving numerical integration of geodesics in general relativity}",
	journal = {ArXiv e-prints},
	archivePrefix = "arXiv",
	eprint = {1801.02378},
	primaryClass = "astro-ph.HE",
	keywords = {Astrophysics - High Energy Astrophysical Phenomena, General Relativity and Quantum Cosmology, Physics - Computational Physics},
	year = 2018,
	month = jan,
	adsurl = {http://adsabs.harvard.edu/abs/2018arXiv180102378B},
	adsnote = {Provided by the SAO/NASA Astrophysics Data System}
}

@ARTICLE{Rackauckas2017,
	author = {Rackauckas, C. and Nie, Q.},
	title = {DifferentialEquations.jl – A Performant and Feature-Rich Ecosystem for Solving Differential Equations in Julia},
	journal = {Journal of Open Research Software},
	year = {2017},
	month = {May},
	doi = {10.5334/jors.151/},
	volume = {5},
	issue = {1}
}

@ARTICLE{Tsitouras2011,
	author = {Tsitouras, C.},
	title = {Runge–Kutta pairs of order 5(4) satisfying only the first column simplifying assumption},
	journal = {Computers \& Mathematics with Applications},
	volume = {62},
	issue = {2},
	year = {2011},
	month = {July},
	doi = {10.1016/j.camwa.2011.06.002}
}

@ARTICLE{GYOTO2011,
	author = {{Vincent}, F.~H. and {Paumard}, T. and {Gourgoulhon}, E. and 
		{Perrin}, G.},
	title = "{GYOTO: a new general relativistic ray-tracing code}",
	journal = {Classical and Quantum Gravity},
	archivePrefix = "arXiv",
	eprint = {1109.4769},
	primaryClass = "gr-qc",
	year = 2011,
	month = nov,
	volume = 28,
	number = 22,
	eid = {225011},
	pages = {225011},
	doi = {10.1088/0264-9381/28/22/225011},
	adsurl = {http://adsabs.harvard.edu/abs/2011CQGra..28v5011V},
	adsnote = {Provided by the SAO/NASA Astrophysics Data System}
}
